<?xml version="1.0" encoding="UTF-8"?><collection xmlns="http://www.loc.gov/MARC21/slim"><record><leader>00372nam--2200133-i-4500</leader><controlfield tag="001">000033614</controlfield><controlfield tag="002">20161230</controlfield><controlfield tag="005">20161230201039</controlfield><controlfield tag="008">060222s1000------------r-----000-0-eng-d</controlfield><datafield ind1=" " ind2=" " tag="080"><subfield code="a">62-52:621.039(0430</subfield></datafield><datafield ind1=" " ind2=" " tag="100"><subfield code="a">Neagu, Vasile</subfield></datafield><datafield ind1=" " ind2=" " tag="245"><subfield code="a">Sistem de control distribuit al proceselor nucleare. teza</subfield></datafield><datafield ind1=" " ind2=" " tag="260"><subfield code="a">Bucuresti, Inst.Central De Fizica, 1983. 170p</subfield></datafield><datafield ind1=" " ind2=" " tag="852"><subfield code="a">70913</subfield></datafield></record></collection>